<record><leader>00000cas a22000007a 4500</leader><controlfield tag="001">13987508</controlfield><controlfield tag="008">860730d18951969maudn ne      0    0eng  </controlfield><datafield ind1=" " ind2=" " tag="010"><subfield code="a">sn 86071764 </subfield></datafield><datafield ind1=" " ind2=" " tag="040"><subfield code="a">DLC</subfield><subfield code="b">eng</subfield><subfield code="c">DLC</subfield><subfield code="d">MGN</subfield><subfield code="d">DLC</subfield><subfield code="d">OCLCF</subfield></datafield><datafield ind1="1" ind2=" " tag="029"><subfield code="a">AU@</subfield><subfield code="b">000025791222</subfield></datafield><datafield ind1="1" ind2=" " tag="029"><subfield code="a">NZ1</subfield><subfield code="b">16076012</subfield></datafield><datafield ind1=" " ind2=" " tag="042"><subfield code="a">msc</subfield></datafield><datafield ind1=" " ind2=" " tag="043"><subfield code="a">n-us-ma</subfield></datafield><datafield ind1="0" ind2="0" tag="050"><subfield code="a">Newspaper</subfield></datafield><datafield ind1="0" ind2=" " tag="130"><subfield code="a">North Adams transcript (North Adams, Mass. : Daily)</subfield></datafield><datafield ind1="1" ind2="4" tag="245"><subfield code="a">The North Adams transcript.</subfield></datafield><datafield ind1="1" ind2="7" tag="246"><subfield code="a">North Adams daily transcript</subfield><subfield code="f">1895-Oct. 21, 1896</subfield></datafield><datafield ind1="1" ind2="7" tag="246"><subfield code="a">North Adams evening transcript</subfield><subfield code="f">Feb. 21, 1898-Mar. 23, 1935</subfield></datafield><datafield ind1=" " ind2=" " tag="260"><subfield code="a">North Adams [Mass.] :</subfield><subfield code="b">Transcript Pub. Co.,</subfield></datafield><datafield ind1=" " ind2=" " tag="300"><subfield code="a">v. :</subfield><subfield code="b">ill. ;</subfield><subfield code="c">60 cm.</subfield></datafield><datafield ind1=" " ind2=" " tag="310"><subfield code="a">Daily (except Sun.)</subfield></datafield><datafield ind1="0" ind2=" " tag="362"><subfield code="a">Vol. 1, no. 1 (May 23, 1895)-Nov. 14, 1969.</subfield></datafield><datafield ind1=" " ind2=" " tag="580"><subfield code="a">Weekly ed.: North Adams transcript (North Adams, Mass. : Weekly), 1895-1916</subfield></datafield><datafield ind1=" " ind2="0" tag="651"><subfield code="a">North Adams (Mass.)</subfield><subfield code="v">Newspapers.</subfield></datafield><datafield ind1=" " ind2="7" tag="655"><subfield code="a">Newspapers.</subfield><subfield code="2">fast</subfield><subfield code="0">(OCoLC)fst01423814</subfield></datafield><datafield ind1=" " ind2="7" tag="651"><subfield code="a">Massachusetts</subfield><subfield code="z">North Adams.</subfield><subfield code="2">fast</subfield><subfield code="0">(OCoLC)fst01215186</subfield></datafield><datafield ind1=" " ind2=" " tag="752"><subfield code="a">United States</subfield><subfield code="b">Massachusetts</subfield><subfield code="c">Berkshire</subfield><subfield code="d">North Adams.</subfield></datafield><datafield ind1="1" ind2=" " tag="775"><subfield code="t">North Adams transcript (North Adams, Mass. : Weekly)</subfield><subfield code="w">(DLC)sn 85033152</subfield><subfield code="w">(OCoLC)11702879</subfield></datafield><datafield ind1="0" ind2="0" tag="785"><subfield code="t">Transcript (North Adams, Mass.)</subfield><subfield code="w">(DLC)sn 89063335</subfield><subfield code="w">(OCoLC)22536703</subfield></datafield></record>